@Article{Stanev2018,
    author={Stanev, Valentin
    and Oses, Corey
    and Kusne, A. Gilad
    and Rodriguez, Efrain
    and Paglione, Johnpierre
    and Curtarolo, Stefano
    and Takeuchi, Ichiro},
    title={Machine learning modeling of superconducting critical temperature},
    journal={npj Computational Materials},
    year={2018},
    month={6},
    day={28},
    volume={4},
    number={1},
    pages={29},
    doi={10.1038/s41524-018-0085-8},
}