@online{NIST_ASD,
    author = "A. Kramida and Yu. Ralchenko and
    J. Reader and NIST ASD Team",
    title = "NIST Atomic Spectra Database (ver. 5.11).",
    publisher = "National Institute of Standards and Technology",
    year = {2023},
    url = "https://physics.nist.gov/asd",
    urldate = "2024-05-15"
}

@article{kohn_hohenberg,
  title = {Inhomogeneous Electron Gas},
  author = {Hohenberg, P. and Kohn, W.},
  journal = {Phys. Rev.},
  volume = {136},
  issue = {3B},
  pages = {B864--B871},
  numpages = {0},
  year = {1964},
  month = {Nov},
  publisher = {American Physical Society},
  doi = {10.1103/PhysRev.136.B864},
}

@online{eigenweb,
    author = {G. Guennebaud and B. Jacob and others},
    title = {Eigen v3.4 Dokumentation},
    url = {https://eigen.tuxfamily.org/dox/eigen-doc.tgz},
}

@misc{wiki_adams_bashforth,
    url="https://en.wikipedia.org/wiki/Linear_multistep_method",
    author="Wikipedia",
    urldate="2024-04-03",
    title="Linear multistep method"
}


@inbook{ebcms, place={Cambridge}, title={Energy-balance climate models}, booktitle={Frontiers of Climate Modeling}, publisher={Cambridge University Press}, author={North, Gerald R. and Stevens, Mark J.}, editor={Kiehl, J. T. and Ramanathan, V.Editors}, year={2006}, pages={52–72}}

@book{numerik,
    doi = "10.1007/978-3-540-76493-9",
    author = "W. Dahmen and A. Reusken",
    title = "Numerik für Ingenieure und Naturwissenschaftler",
    publisher = "Springer Berlin, Heidelberg",
    year = "2008",
    isbn = "978-3-540-76493-9",
    pages = "255"
}

@Article{         harris2020array,
 title         = {Array programming with {NumPy}},
 author        = {Charles R. Harris and K. Jarrod Millman and St{\'{e}}fan J.
                 van der Walt and Ralf Gommers and Pauli Virtanen and David
                 Cournapeau and Eric Wieser and Julian Taylor and Sebastian
                 Berg and Nathaniel J. Smith and Robert Kern and Matti Picus
                 and Stephan Hoyer and Marten H. van Kerkwijk and Matthew
                 Brett and Allan Haldane and Jaime Fern{\'{a}}ndez del
                 R{\'{i}}o and Mark Wiebe and Pearu Peterson and Pierre
                 G{\'{e}}rard-Marchant and Kevin Sheppard and Tyler Reddy and
                 Warren Weckesser and Hameer Abbasi and Christoph Gohlke and
                 Travis E. Oliphant},
 year          = {2020},
 month         = sep,
 journal       = {Nature},
 volume        = {585},
 number        = {7825},
 pages         = {357--362},
 doi           = {10.1038/s41586-020-2649-2},
 publisher     = {Springer Science and Business Media {LLC}}
}

@inproceedings{numba,
author = {Lam, Siu Kwan and Pitrou, Antoine and Seibert, Stanley},
title = {Numba: a LLVM-based Python JIT compiler},
year = {2015},
publisher = {Association for Computing Machinery},
address = {New York, NY, USA},
doi = {10.1145/2833157.2833162},
abstract = {Dynamic, interpreted languages, like Python, are attractive for domain-experts and scientists experimenting with new ideas. However, the performance of the interpreter is often a barrier when scaling to larger data sets. This paper presents a just-in-time compiler for Python that focuses in scientific and array-oriented computing. Starting with the simple syntax of Python, Numba compiles a subset of the language into efficient machine code that is comparable in performance to a traditional compiled language. In addition, we share our experience in building a JIT compiler using LLVM[1].},
booktitle = {Proceedings of the Second Workshop on the LLVM Compiler Infrastructure in HPC},
articleno = {7},
numpages = {6},
keywords = {LLVM, Python, compiler},
location = {Austin, Texas},
series = {LLVM '15}
}

@online{github,
    author = "Max Maschke",
    title = "compphys",
    url = "https://github.com/max-mas/compphys",
    urldate = "2024-04-22"
}

@BOOK{laug,
      AUTHOR = {Anderson, E. and Bai, Z. and Bischof, C. and
                Blackford, S. and Demmel, J. and Dongarra, J. and
                Du Croz, J. and Greenbaum, A. and Hammarling, S. and
                McKenney, A. and Sorensen, D.},
      TITLE = {{LAPACK} Users' Guide},
      EDITION = {Third},
      PUBLISHER = {Society for Industrial and Applied Mathematics},
      YEAR = {1999},
      ADDRESS = {Philadelphia, PA},
}

@article{Audi,
    doi = {10.1088/1674-1137/41/3/030001},
    year = {2017},
    month = {3},
    volume = {41},
    number = {3},
    pages = {030001},
    author = {G. Audi and F. G. Kondev and W. Meng and W. J. Huang and S. Naimi},
    title = {The NUBASE2016 evaluation of nuclear properties},
    journal = {Chinese Physics C}
}

@misc{Wolfram,
  author = {Wolfram Research{,} Inc.},
  title = {Mathematica, {V}ersion 14.0},
  url = {https://www.wolfram.com/wolfram-alpha-notebook-edition},
  note = {Champaign, IL, 2024}
}


